@inproceedings{gentry2009fully,
  title={Fully homomorphic encryption using ideal lattices},
  author={Gentry, Craig},
  booktitle={Proceedings of the forty-first annual ACM symposium on Theory of computing},
  pages={169--178},
  year={2009}
}

@misc{cryptoeprint:2018:462,
    author = {Hao Chen and Ran Gilad-Bachrach and Kyoohyung Han and Zhicong Huang and Amir Jalali and Kim Laine and Kristin Lauter},
    title = {Logistic regression over encrypted data from fully homomorphic encryption},
    howpublished = {Cryptology ePrint Archive, Report 2018/462},
    year = {2018},
    note = {\url{https://eprint.iacr.org/2018/462}},
}

@article{kiranyaz20191d,
  title={1D convolutional neural networks and applications: A survey},
  author={Kiranyaz, Serkan and Avci, Onur and Abdeljaber, Osama and Ince, Turker and Gabbouj, Moncef and Inman, Daniel J},
  journal={arXiv preprint arXiv:1905.03554},
  year={2019}
}

@inproceedings{hatami2018classification,
  title={Classification of time-series images using deep convolutional neural networks},
  author={Hatami, Nima and Gavet, Yann and Debayle, Johan},
  booktitle={Tenth international conference on machine vision (ICMV 2017)},
  volume={10696},
  pages={106960Y},
  year={2018},
  organization={International Society for Optics and Photonics}
}
